
% Summary Report 1 ---------------------------------------------------------------------

@article{abebe2021anonymity,
  title={Anonymity or distance? Job search and labour market exclusion in a growing African city},
  author={Abebe, Girum and Caria, A Stefano and Fafchamps, Marcel and Falco, Paolo and Franklin, Simon and Quinn, Simon},
  journal={The Review of Economic Studies},
  volume={88},
  number={3},
  pages={1279--1310},
  year={2021},
  publisher={Oxford University Press}
}

@article{mcmillen1996one,
  title={One hundred fifty years of land values in Chicago: A nonparametric approach},
  author={McMillen, Daniel P},
  journal={Journal of Urban Economics},
  volume={40},
  number={1},
  pages={100--124},
  year={1996},
  publisher={Elsevier}
}

@book{hoyt1933one,
  title={One hundred years of land values in Chicago},
  author={Hoyt, Homer},
  year={1933},
  publisher={University of Chicago Press}
}

@article{cleveland1988regression,
  title={Regression by local fitting: methods, properties, and computational algorithms},
  author={Cleveland, William S and Devlin, Susan J and Grosse, Eric},
  journal={Journal of econometrics},
  volume={37},
  number={1},
  pages={87--114},
  year={1988},
  publisher={Elsevier}
}

@article{delgado2001significance,
  title={Significance testing in nonparametric regression based on the bootstrap},
  author={Delgado, Miguel A and Manteiga, Wenceslao Gonz{\'a}lez},
  journal={The Annals of Statistics},
  volume={29},
  number={5},
  pages={1469--1507},
  year={2001},
  publisher={Institute of Mathematical Statistics}
}

% Summary Report 2 ---------------------------------------------------------------------

@article{ahlfeldt2015economics,
  title={The economics of density: Evidence from the Berlin Wall},
  author={Ahlfeldt, Gabriel M and Redding, Stephen J and Sturm, Daniel M and Wolf, Nikolaus},
  journal={Econometrica},
  volume={83},
  number={6},
  pages={2127--2189},
  year={2015},
  publisher={Wiley Online Library}
}

@article{greenstone2010identifying,
  title={Identifying agglomeration spillovers: Evidence from winners and losers of large plant openings},
  author={Greenstone, Michael and Hornbeck, Richard and Moretti, Enrico},
  journal={Journal of Political Economy},
  volume={118},
  number={3},
  pages={536--598},
  year={2010},
  publisher={The University of Chicago Press}
}


@article{roback1982wages,
  title={Wages, rents, and the quality of life},
  author={Roback, Jennifer},
  journal={Journal of political Economy},
  volume={90},
  number={6},
  pages={1257--1278},
  year={1982},
  publisher={The University of Chicago Press}
}

@article{goodman2021difference,
  title={Difference-in-differences with variation in treatment timing},
  author={Goodman-Bacon, Andrew},
  journal={Journal of Econometrics},
  volume={225},
  number={2},
  pages={254--277},
  year={2021},
  publisher={Elsevier}
}

@article{callaway2021difference,
  title={Difference-in-differences with multiple time periods},
  author={Callaway, Brantly and Sant’Anna, Pedro HC},
  journal={Journal of Econometrics},
  volume={225},
  number={2},
  pages={200--230},
  year={2021},
  publisher={Elsevier}
}

@techreport{gardner2021two,
  title={Two-stage differences in differences},
  author={Gardner, John},
  year={2021},
  institution={Working paper}
}

@article{borusyak2021revisiting,
  title={Revisiting event study designs: Robust and efficient estimation},
  author={Borusyak, Kirill and Jaravel, Xavier and Spiess, Jann},
  journal={arXiv preprint arXiv:2108.12419},
  year={2021}
}

@article{sun2021estimating,
  title={Estimating dynamic treatment effects in event studies with heterogeneous treatment effects},
  author={Sun, Liyang and Abraham, Sarah},
  journal={Journal of Econometrics},
  volume={225},
  number={2},
  pages={175--199},
  year={2021},
  publisher={Elsevier}
}


@techreport{de2022two,
  title={Two-way fixed effects and differences-in-differences with heterogeneous treatment effects: A survey},
  author={de Chaisemartin, Cl{\'e}ment and D'Haultfoeuille, Xavier},
  year={2022},
  institution={National Bureau of Economic Research}
}

@article{sant2020doubly,
  title={Doubly robust difference-in-differences estimators},
  author={Sant’Anna, Pedro HC and Zhao, Jun},
  journal={Journal of Econometrics},
  volume={219},
  number={1},
  pages={101--122},
  year={2020},
  publisher={Elsevier}
}

% Summary Report 3 --------------------------------------

@article{glaeser2014housing,
  title={Housing dynamics: An urban approach},
  author={Glaeser, Edward L and Gyourko, Joseph and Morales, Eduardo and Nathanson, Charles G},
  journal={Journal of Urban Economics},
  volume={81},
  pages={45--56},
  year={2014},
  publisher={Elsevier}
}

@book{alonso2013location,
  title={Location and land use},
  author={Alonso, William},
  year={1964},
  publisher={Harvard university press}
}

@article{rosen1979wage,
  title={Wage-based indexes of urban quality of life},
  author={Rosen, Sherwin},
  journal={Current issues in urban economics},
  pages={74--104},
  year={1979},
  publisher={Johns Hopkins Univ. Press}
}

@article{roback1982wages,
  title={Wages, rents, and the quality of life},
  author={Roback, Jennifer},
  journal={Journal of political Economy},
  volume={90},
  number={6},
  pages={1257--1278},
  year={1982},
  publisher={The University of Chicago Press}
}

% Summary Report 4 -----------------------------------------------------------

@article{glaeser2008poor,
  title={Why do the poor live in cities? The role of public transportation},
  author={Glaeser, Edward L and Kahn, Matthew E and Rappaport, Jordan},
  journal={Journal of urban Economics},
  volume={63},
  number={1},
  pages={1--24},
  year={2008},
  publisher={Elsevier}
}

@article{bedaualonso,
  title={ALONSO, WILLIAM. Location and Land Use: Toward a General Theory of Land Rent. Cambridge, Harvard University Press. 1964. Pp. 204. \$5.50. ANDERSON, ROBERT M. Zoning Law and Practice in New York State. Rochester},
  author={William, Alonso},
  year={1964},
  publisher={HeinOnline}
}

@article{muth1971derived,
  title={The derived demand for urban residential land},
  author={Muth, Richard F},
  journal={Urban studies},
  volume={8},
  number={3},
  pages={243--254},
  year={1971},
  publisher={Sage Publications Sage UK: London, England}
}

@article{leroy1983paradise,
  title={Paradise lost and regained: Transportation innovation, income, and residential location},
  author={LeRoy, Stephen F and Sonstelie, Jon},
  journal={Journal of Urban Economics},
  volume={13},
  number={1},
  pages={67--89},
  year={1983},
  publisher={Academic Press}
}

% Summary Report 5 -----------------------------------------------------------

@article{sun2019lending,
  title={Lending practices to same-sex borrowers},
  author={Sun, Hua and Gao, Lei},
  journal={Proceedings of the National Academy of Sciences},
  volume={116},
  number={19},
  pages={9293--9302},
  year={2019},
  publisher={National Acad Sciences}
}

% Summary Report 6 -----------------------------------------------------------

@article{kling2007experimental,
  title={Experimental analysis of neighborhood effects},
  author={Kling, Jeffrey R and Liebman, Jeffrey B and Katz, Lawrence F},
  journal={Econometrica},
  volume={75},
  number={1},
  pages={83--119},
  year={2007},
  publisher={Wiley Online Library}
}

% Summary Report 7 -----------------------------------------------------------

@article{ellen2013foreclosures,
  title={Do foreclosures cause crime?},
  author={Ellen, Ingrid Gould and Lacoe, Johanna and Sharygin, Claudia Ayanna},
  journal={Journal of Urban Economics},
  volume={74},
  pages={59--70},
  year={2013},
  publisher={Elsevier}
}

% Summary Report 8 -----------------------------------------------------------

@article{alexander2017you,
  title={Is it who you are or where you live? Residential segregation and racial gaps in childhood asthma},
  author={Alexander, Diane and Currie, Janet},
  journal={Journal of health economics},
  volume={55},
  pages={186--200},
  year={2017},
  publisher={Elsevier}
}